@article{angrist_instrumental_2001,
	title = {Instrumental variables and the search for identification: From supply and demand to natural experiments},
	volume = {15},
	pages = {69--85},
	number = {4},
	journaltitle = {Journal of Economic perspectives},
	author = {Angrist, Joshua D. and Krueger, Alan B.},
	date = {2001},
	langid = {american},
	note = {{ISBN}: 0895-3309
Publisher: American Economic Association},
	file = {PDF:/Users/sepinetam/Documents/Zotero/storage/5NG9PHHC/Angristå’ŒKrueger - 2001 - Instrumental variables and the search for identification From supply and demand to natural experime.pdf:application/pdf},
}
